@inproceedings{me,
  title={A public key cryptosystem based on algebraic coding theory},
  author={Robert J. McEliece},
  year={1978},
  url={https://api.semanticscholar.org/CorpusID:56502909}
}

@inproceedings{sidelnikov,
  title={Cryptanalysis of the Sidelnikov Cryptosystem},
  author={Lorenz Minder and Amin Shokrollahi},
  booktitle={International Conference on the Theory and Application of Cryptographic Techniques},
  year={2007},
  url={https://api.semanticscholar.org/CorpusID:5002173}
}

@article{modif1986,
    author = {Niederreiter},
    title = {Knapsack-Type Cryptosystems and Algebraic Coding Theory},
    journal = {Problems of Control and Information Theory},
    year = 1986,
    pages = {159–166}
}

%volume = 15(2),

@article{shest1992,
    author = {V. M. Sidelnikov and S. O. Shestakov},
    title = {On insecurity of cryptosystems based on generalized Reed-Solomon codes},
    journal = {Discrete Mathematics and Applications},
    year = 1992,
    pages = {439–444}
}
%2, No. 4:

@article{onthe,
  title={On the inherent intractability of certain coding problems (Corresp.)},
  author={Elwyn R. Berlekamp and Robert J. McEliece and Henk C. A. van Tilborg},
  journal={IEEE Trans. Inf. Theory},
  year={1978},
  volume={24},
  pages={384-386},
  url={https://api.semanticscholar.org/CorpusID:34892814}
}

@article{newvariants,
  title={MDPC-McEliece: New McEliece variants from Moderate Density Parity-Check codes},
  author={Rafael Misoczki and Jean-Pierre Tillich and Nicolas Sendrier and Paulo L. Barreto},
  journal={2013 IEEE International Symposium on Information Theory},
  year={2013},
  pages={2069-2073},
  url={https://api.semanticscholar.org/CorpusID:9485532}
}

@article{effenc,
  title={Efficient Encryption From Random Quasi-Cyclic Codes},
  author={Carlos Aguilar-Melchor and Olivier Blazy and Jean-Christophe Deneuville and Philippe Gaborit and Gilles Z{\'e}mor},
  journal={IEEE Transactions on Information Theory},
  year={2016},
  volume={64},
  pages={3927-3943},
  url={https://api.semanticscholar.org/CorpusID:5071153}
}

@article{lattice_problems,
    author = {Peikert C},
    title = {A decade of lattice cryptography},
    journal = {Foundations and Trends® in Theoretical Computer Science 10(4)},
    year = 2016,
    pages = {283-424},
    url = {https://doi.org/10.1561/0400000074}
}

@article{NIST_3-rd,
    author = {Gorjan Alagic, Daniel Apon*, David Cooper, Quynh Dang, Thinh Dang, John Kelsey, Jacob Lichtinger, Yi-Kai Liu, Carl Miller, Dustin Moody, Rene Peralta, Ray Perlner, Angela Robinson, Daniel Smith-Tone},
    title = {Status Report on the Third Round of the NIST Post-Quantum Cryptography Standardization Process},
    year = {2022},
    url = {https://doi.org/10.6028/NIST.IR.8413}
}

@misc{CRYSTALS-Kyber,
  title = {Kyber},
  howpublished = {\url{https://pq-crystals.org/kyber/index.shtml}},
  note = {Дата обращения: 14.11.2023}
}

@article{matsuo-imai,
    author = {Matsumoto T., Imai H.},
    title = {Public quadratic polynomial-tuples for efficient signature-verification and message-encryption},
    year = {1988},
    pages={419–453},
    url = {https://link.springer.com/chapter/10.1007/3-540-45961-8_39}
}

@article{MQ,
    author = {Nicolas T. Courtois},
    title = {On multivariate signature-only public key cryptosystems},
    url = {https://eprint.iacr.org/2001/029.pdf}
}

@article{HFE,
    author = {Jacques Patarin},
    title = {Hidden Field Equations (HFE) and Isomorphisms of Polynomials (IP): two new Families of Asymmetric Algorithms},
    url = {http://www.minrank.org/hfe.pdf}
}

@article{mal2023,
  title={Основные подходы к построению постквантовых криптосистем: описание, сравнительная характеристика},
  author={Малыгина, Екатерина Сергеевна and Куценко, Александр Владимирович and Новоселов, Семен Александрович and Колесников, Никита Сергеевич and Бахарев, Александр Олегович and Хильчук, Ирина Сергеевна and Шапоренко, Александр Сергеевич and Токарева, Наталья Николаевна},
  journal={Прикладная дискретная математика. Приложение},
  number={16},
  pages={58--65},
  year={2023}
}

@article{hfe_variations,
      author = {Christopher Wolf and Bart Preneel},
      title = {Asymmetric Cryptography: Hidden Field Equations},
      howpublished = {Cryptology ePrint Archive, Paper 2004/072},
      year = {2004},
      note = {\url{https://eprint.iacr.org/2004/072}},
      url = {https://doi.org/10.17223/2226308X/16/16}
}

@article{Berlecamp,
      author = {Joachim von zur Gathen, Jurgen Gerhard},
      title = {Modern Computer Algebra},
      howpublished = {Cambridge University Press},
      year = {2013},
      url ={https://www.researchgate.net/publication/220689743_Modern_computer_algebra_2_ed}
}

@article{dembovskiy,
    author = {Peter Dembowski, T. G. Ostrom},
    title = {Planes of order n with collineation groups of order n2},
    year = {1968},
    pages={239-258},
    url = {https://eudml.org/doc/170914}
}

@article{destroyed-matsuo-imai,
    author = {Patarin J},
    title = {Cryptanalysis of the Matsumoto and Imai public key scheme of Eurocrypt’88},
    year = {1995},
    pages={248-261},
    url = {https://link.springer.com/chapter/10.1007/3-540-44750-4_20}
}

@article{128-bit-long-digital-signatures,
    author = {Patarin J, Courtois N, Goubin L},
    title = {QUARTZ, 128-bit long digital signatures},
    year = {2001},
    pages={282–297},
    url = {https://link.springer.com/chapter/10.1007/3-540-45353-9_21}
}

@article{vinegar,
    author = {Aviad Kipnis, Jacques Patarin, Louis Goubin },
    title = {Unbalanced Oil and Vinegar Signature Schemes},
    year = {1999},
    url = {https://link.springer.com/chapter/10.1007/3-540-48910-X_15}
}

@article{criteria,
    author = {P. Rogaway, T. Shrimpton},
    title = {Cryptographic Hash-Function Basics:
Definitions, Implications, and Separations for
Preimage Resistance, Second-Preimage Resistance,
and Collision Resistance},
    year = {2004},
    pages={371–388},
    url = {https://eprint.iacr.org/2004/035.pdf}
}

@article{Shor,
  title={Experimental realization of Shor’s quantum factoring algorithm
using nuclear magnetic resonance},
  author={Lieven M.K. Vandersypen†, Matthias Steffen, Gregory Breyta, Costantino S. Yannoni†, Mark H. Sherwood† and Isaac L. Chuang},
  year={2001},
  url={https://arxiv.org/pdf/quant-ph/0112176.pdf}
}

@misc{quantumthreat,
  title = {Что такое квантовая угроза?},
  howpublished = {\url{https://qapp.tech/help/quantum-threat}},
  note = {Дата обращения: 14.11.2023}
}

@misc{hash_password,
  title = {Правильное хранение паролей — основа безопасности},
  howpublished = {\url{https://www.kaspersky.ru/blog/how-to-store-passwords/36161}},
  note = {Дата обращения: 14.11.2023}
}

@article{birthday_attack,
  title={Hash Function Balance and its Impact on Birthday Attacks},
  author={Mihir Bellare, Tadayoshi Kohno},
  year={2004},
  url={https://eprint.iacr.org/2003/065.pdf}
}

@article{parallel_col,
  title={Parallel Collision Search with
Application to Hash Functions and Discrete Logarithms},
  author={Paul C. van Oorschot, Michael J. Wiener},
  year={1994},
  url={https://citeseerx.ist.psu.edu/document?repid=rep1&type=pdf&doi=9c4d0ad3c210ba9df9097cf0ef1653948e7569bc}
}

@article{timeline,
  title={An Overview of Hash Based Signatures},
  author={Vikas Srivastava, Anubhab Baksi, Sumit Kumar Debnath},
  year={2023},
  url={https://eprint.iacr.org/2023/411}
}

@article{lamport,
  title={Constructing digital signatures from a one-way function},
  author={Lamport L.},
  year={1979},
  url={https://www.microsoft.com/en-us/research/uploads/prod/2016/12/Constructing-Digital-Signatures-from-a-One-Way-Function.pdf}
}

@article{sphincs_scheme,
    author = {Клёнов В. Д., Васильев Н. П.} ,
    title = {Реализация постквантовой электронной подписи SPHINCS+ на основе алгоритма ГОСТ 34.11-2012/18},
    journal = {Актуальные исследования. №23 (153). Ч.I.},
    year = {2023},
    pages={62-64},
    url={https://apni.ru/article/6447-realizatsiya-postkvantovoj-elektronnoj-podpis}
}

@article{doc_sphincs,
  title={SPHINCS$^+$
Submission to the NIST post-quantum project, v.3.1},
  author={Jean-Philippe Aumasson, Daniel J. Bernstein, Ward Beullens,
Christoph Dobraunig, Maria Eichlseder, Scott Fluhrer, Stefan-Lukas Gazdag,
Andreas Hülsing, Panos Kampanakis, Stefan Kölbl, Tanja Lange,
Martin M. Lauridsen, Florian Mendel, Ruben Niederhagen, Christian Rechberger,
Joost Rijneveld, Peter Schwabe, Bas Westerbaan},
  year={2022},
  url={https://sphincs.org/data/sphincs+-r3.1-specification.pdf}
}

@article{Lattices-1,
  title={Integer Optimization and Lattices},
  author={Thomas Rothvoss},
  year={2016},
  url={https://sites.math.washington.edu/~rothvoss/lecturenotes/IntOpt-and-Lattices.pdf}
}

@article{Kyber-DOC,
  title={Algorithm Specifications And Supporting Documentation (version 3.0)},
  author={Roberto Avanzi, Joppe Bos, Léo Ducas, Eike Kiltz, Tancrède Lepoint, Vadim Lyubashevsky, John M. Schanck, Peter Schwabe, Gregor Seiler, Damien Stehlé},
  year={2020},
  url={https://csrc.nist.gov/CSRC/media/Projects/post-quantum-cryptography/documents/round-3/submissions/Kyber-Round3.zip}
}

@article{vec_norm,
  title={Избранные задачи для семинарских занятий по численным методам: векторные и матричные нормы},
  author={И. О. Арушанян},
  year={2019},
  url={http://num-anal.srcc.msu.ru/prac_pos/poslist/posobie%206%20zadachi%20normy.pdf}
}

@article{Discrete_Gaussian,
  title={The Discrete Gaussian for Differential Privacy},
  author={Clement L. Canonne, Gautam Kamath, Thomas Steinke},
  year={2021},
  url={https://arxiv.org/pdf/2004.00010.pdf}
}

@misc{Security_Evaluation_Criteria,
  title = {Security (Evaluation Criteria)},
  howpublished = {\url{https://csrc.nist.gov/projects/post-quantum-cryptography/post-quantum-cryptography-standardization/evaluation-criteria/security-(evaluation-criteria)}},
  note = {Дата обращения: 28.11.2023}
}

@article{lattice_attack,
  title={A subfield lattice attack on overstretched NTRU assumptions Cryptanalysis of some FHE and Graded Encoding Schemes},
  author={Martin Albrecht, Shi Bai, L´eo Ducas},
  year={2016},
  url={https://eprint.iacr.org/2016/127.pdf}
}